@inproceedings{fogal2010tuvok,
	title={Tuvok, an Architecture for Large Scale Volume Rendering.},
	author={Fogal, Thomas and Kr{\"u}ger, Jens H},
	booktitle={VMV},
	pages={139--146},
	year={2010}
}

@misc{lewiner2006vsvr,
	title={VSVR: a very simple volume rendering implementation with 3D textures},
	author={Lewiner, Thomas},
	year={2006}
}

@article{kniss2001interactive,
	title={Interactive texture-based volume rendering for large data sets},
	author={Kniss, Joe and McCormick, Patrick and McPherson, Allen and Ahrens, James and Painter, James and Keahey, Alan and Hansen, Charles},
	journal={IEEE Computer Graphics and Applications},
	volume={21},
	number={4},
	pages={52--61},
	year={2001},
	publisher={IEEE}
}

@inproceedings{lamar2000multiresolution,
	title={Multiresolution techniques for interactive texture-based volume visualization},
	author={LaMar, Eric and Hamann, Bernd and Joy, Kenneth I},
	booktitle={Electronic Imaging},
	pages={365--374},
	year={2000},
	organization={International Society for Optics and Photonics}
}

@article{beyer2014survey,
	title={A survey of GPU-based large-scale volume visualization},
	author={Beyer, Johanna and Hadwiger, Markus and Pfister, Hanspeter},
	year={2014},
	publisher={IEEE Visualization and Graphics Technical Committee (IEEE VGTC)}
}

@phdthesis{fogal2011parallel,
	title={Parallel Volume Rendering for Large Scientific Data},
	author={Fogal, Thomas},
	year={2011},
	school={University of New Hampshire}
}

@inproceedings{amanatides1987fast,
	title={A fast voxel traversal algorithm for ray tracing},
	author={Amanatides, John and Woo, Andrew and others},
	booktitle={Eurographics},
	volume={87},
	number={3},
	pages={3--10},
	year={1987}
}

@article{meagher1982geometric,
	title={Geometric modeling using octree encoding},
	author={Meagher, Donald},
	journal={Computer graphics and image processing},
	volume={19},
	number={2},
	pages={129--147},
	year={1982},
	publisher={Elsevier}
}

@misc{vulkan1.0.38spec, 
	title={Vulkan\textsuperscript{\textregistered} 1.0.38 - A Specification},
	author={{Khronos Group}},
	journal={Vulkan\textsuperscript{\textregistered} 1.0.38 - A Specification},
	year={2016}
}

@misc{nvidia2014index, 
	title={{NVIDIA IndeX, version 1.2 - Whitepaper}},
	author={{NVIDIA}},
	journal={{NVIDIA IndeX, version 1.2 - Whitepaper}},
	year={2014}
}

@inproceedings{guthe2002interactive,
	title={Interactive rendering of large volume data sets},
	author={Guthe, Stefan and Wand, Michael and Gonser, Julius and Stra{\ss}er, Wolfgang},
	booktitle={Visualization, 2002. VIS 2002. IEEE},
	pages={53--60},
	year={2002},
	organization={IEEE}
}

@article{ballester2015analysis,
	title={Analysis of tensor approximation for compression-domain volume visualization},
	author={Ballester-Ripoll, Rafael and Suter, Susanne K and Pajarola, Renato},
	journal={Computers \& Graphics},
	volume={47},
	pages={34--47},
	year={2015},
	publisher={Elsevier}
}

@inproceedings{purcell2002ray,
	title={Ray tracing on programmable graphics hardware},
	author={Purcell, Timothy J and Buck, Ian and Mark, William R and Hanrahan, Pat},
	booktitle={ACM Transactions on Graphics (TOG)},
	volume={21},
	number={3},
	pages={703--712},
	year={2002},
	organization={ACM}
}

@online{overvoorde2016vulkan,
	author = {Alexander Overvoorde},
	title = {{Vulkan Tutorial}},
	year = 2016,
	url = {https://vulkan-tutorial.com/},
	urldate = {2016-12-30}
}

@online{willems2016vulkan,
	author = {Sascha Willems},
	title = {{Vulkan Hardware Database}},
	year = 2016,
	url = {http://vulkan.gpuinfo.org/},
	urldate = {2016-12-30}
}

@misc{loewy2016glfw,
	title={GLFW-An OpenGL Library},
	author={Camilla LÃ¶wy},
	year={2016}
}

@misc{creation2016glm,
	title={OpenGL mathematics (GLM)},
	author={Creation, G-Truc},
	year={2016}
}

@phdthesis{havran2000heuristic,
	title={Heuristic ray shooting algorithms},
	author={Havran, Vlastimil},
	year={2000},
	school={Citeseer}
}

@inproceedings{crassin2009gigavoxels,
	title={Gigavoxels: Ray-guided streaming for efficient and detailed voxel rendering},
	author={Crassin, Cyril and Neyret, Fabrice and Lefebvre, Sylvain and Eisemann, Elmar},
	booktitle={Proceedings of the 2009 symposium on Interactive 3D graphics and games},
	pages={15--22},
	year={2009},
	organization={ACM}
}

